@preamble{ "\newcommand{\noopsort}[1]{} "
	# "\newcommand{\printfirst}[2]{#1} "
	# "\newcommand{\singleletter}[1]{#1} "
	# "\newcommand{\switchargs}[2]{#2#1} " }

@MISC{googlevrp,
  author = {Google Inc},
  title = {{Google Vulnerability Reward Program (VRP) Rules}},
  howpublished = "\url{http://www.google.com/about/appsecurity/reward-program/}",
  year = {2015}, 
}

@MISC{fuzzingorigin,
  author = {Bart Miller},
  title = {{Fuzz Testing of Application Reliability}},
  year = {2008}
}

@article{cutesystem,
 author = {Sen, Koushik and Marinov, Darko and Agha, Gul},
 title = {CUTE: A Concolic Unit Testing Engine for C},
 journal = {SIGSOFT Softw. Eng. Notes},
 issue_date = {September 2005},
 volume = {30},
 number = {5},
 month = sep,
 year = {2005},
 issn = {0163-5948},
 pages = {263--272},
 numpages = {10},
 url = {http://doi.acm.org/10.1145/1095430.1081750},
 doi = {10.1145/1095430.1081750},
 acmid = {1081750},
 publisher = {ACM},
 address = {New York, NY, USA},
 keywords = {concolic testing, data structure testing, explicit path model-checking, random testing, testing C programs, unit testing},
} 

@ARTICLE{evolfuzzing,
    author = {DeMott, J. and Enbody, R. and Punch, W. F.},
    journal = {BlackHat and Defcon},
    title = {{Revolutionizing the Field of Grey-box Attack Surface Testing with Evolutionary Fuzzing}},
    url = {http://www.vdalabs.com/tools/EFS.pdf},
    year = {2007}
}

@MISC{autofuzz,
    author = {Serge Gorbunov and Arnold Rosenbloom},
    title = {AutoFuzz: Automated Network Protocol Fuzzing Framework},
    year = {2010}
}

@MISC{afl,
  author = {Michal Zalewski},
  title = {{american fuzzy lop}},
  howpublished = "\url{http://lcamtuf.coredump.cx/afl/}",
  year = {2015}, 
}

@MISC{afldesign,
  author = {Michal Zalewski},
  title = {{american fuzzy lop Technical "Whitepaper"}},
  howpublished = "\url{http://lcamtuf.coredump.cx/afl/technical_details.txt}",
  year = {2015}, 
}

@MISC{aflsymbol,
  author = {Michal Zalewski},
  title = {{afl-fuzz: nobody expects CDATA sections in XML}},
  howpublished = "\url{http://lcamtuf.blogspot.com/2014/11/afl-fuzz-nobody-expects-cdata-sections.html}",
  year = {2014}, 
}

@MISC{aflhistory,
  author = {Michal Zalewski},
  title = {{afl-fuzz: Historical Notes}},
  howpublished = "\url{http://lcamtuf.coredump.cx/afl/historical_notes.txt}",
  year = {2014}, 
}

@inproceedings{klee,
 author = {Cadar, Cristian and Dunbar, Daniel and Engler, Dawson},
 title = {KLEE: Unassisted and Automatic Generation of High-coverage Tests for Complex Systems Programs},
 booktitle = {Proceedings of the 8th USENIX Conference on Operating Systems Design and Implementation},
 series = {OSDI'08},
 year = {2008},
 location = {San Diego, California},
 pages = {209--224},
 numpages = {16},
 url = {http://dl.acm.org/citation.cfm?id=1855741.1855756},
 acmid = {1855756},
 publisher = {USENIX Association},
 address = {Berkeley, CA, USA},
} 

@MISC{sage,
    author = {Patrice Godefroid and Michael Y. Levin and David Molnar},
    title = {Automated Whitebox Fuzz Testing},
    year = {2008}
}

@article{s2e,
 author = {Chipounov, Vitaly and Kuznetsov, Volodymyr and Candea, George},
 title = {The S2E Platform: Design, Implementation, and Applications},
 journal = {ACM Trans. Comput. Syst.},
 issue_date = {February 2012},
 volume = {30},
 number = {1},
 month = feb,
 year = {2012},
 issn = {0734-2071},
 pages = {2:1--2:49},
 articleno = {2},
 numpages = {49},
 url = {http://doi.acm.org/10.1145/2110356.2110358},
 doi = {10.1145/2110356.2110358},
 acmid = {2110358},
 publisher = {ACM},
 address = {New York, NY, USA},
 keywords = {Symbolic execution, analysis, profiling, testing},
} 